@phdthesis{卢玉梅2014我国上市公司“高送转”行为动机实证研究,
  title={我国上市公司“高送转”行为动机实证研究},
  author={卢玉梅},
  school={南京大学},
  year={2014},
  keywords={高送转;超额收益;信息传递假说;价格幻觉假说},
  abstract={多年以来送转股一直是我国上市公司所热衷的股利分配方式,尽管有些上市公司进行高送转,是为了向外界投资者传递出公司对业绩持续增长充满信心,同时表明公司正处于快速成长阶段,此时高送转有助于公司进行股本扩张,且有助于保持公司良好的形象。但是,部分业绩较差的公司,也采用高送转的热点题材进行股本扩张,在高送转分红方案公告后股价在数日内连续大跌,将众多中小投资者套牢。那么上市公司“高送转”的动机何在呢?这一行情有何特征?如何才能避开“高送转”现金陷阱?投资者又该如何把握一年一度的“高送转”行情?本文试图通过采用事件研究分析方法和多元逻辑回归分析法来研究我国上市公司高送转行为的动机,以2008-2012年沪深两市推出送转方案的上市公司股票为研究对象。研究发现“信号传递假说”并不能解释我国中国资本市场上的上市公司的送股和转股的行为,而何涛等(2003)所提出的“价格幻觉假设”在本文中得到了一定的验证：公司进行高送转的目的是为了提高公司市值,而且股价越高的公司越倾向于进行高送转。此外,本文在何涛等(2003)的研究基础上进行了创新并发现与之不同的结论：公司的送转股比例与公司的成长性并不显著相关,而且公司的送转股比例与未来的盈利水平显著负相关,本文认为这可能是由于多年来公司的高送转行为能够在短期内给公司股价带来了显著的正面效应,这一印象已经深入人心,因此当上市公司的管理层在预期公司业绩可能会出现下滑时,便利用高送转这一低成本低风险的股利分配方式进行融资套利,以弥补未来业绩下滑带来的股价下跌的损失。因此,研究上市公司高送转行为的动机,不仅可以使投资者更好的了解目前整体上市公司情况,提高投资者的信息甄别能力和警惕性,同时也有利于提醒监管部门加强对上市公司的信息披露的监管,从而保护广大投资者的利益。此外作为行为金融研究的重要范畴,了解上市公司高送转公告推出前后股票异常收益率变化对理解正确证券市场的运行情况以及投资者的行为偏好很有裨益。},
}

@phdthesis{胡宸2019基于集成学习的上市公司高送转预测模型及投资策略设计,
  title={基于集成学习的上市公司高送转预测模型及投资策略设计},
  author={胡宸},
  school={上海师范大学},
  year={2019},
  abstract={近年来,我国证券市场的高速发展催生了一批题材股,根据重大事件的不同分类,可以分为资产重组板块、WTO板块以及新能源板块等等。在这些众多题材股中间,高送转这一题材无疑是中小投资者强烈追捧的对象,但同时也产生了一些市场乱象,导致投资者盲目炒作高送转股票。此时,准确预测下一年可能实施“高送转”行为的上市公司,并筛选出相应的标的加入组合,设计出高效稳定的投资策略就具有很大的现实意义。本文尝试对基于集成学习的上市公司高送转预测模型及投资策略设计做一些深入的探讨。结构安排上,第一章主要阐述本文研究的背景、研究的意义、研究内容和方法以及主要贡献等内容;第二章梳理了国内外学者对“高送转”预测模型主要影响因素和投资策略的相关研究成果,以及介绍了相关统计学习方法,包括特征选择、逻辑回归模型和支持向量机SVM算法;第三章从“高送转”现状分析为出发点,主要剖析高送转的界定、当前我国上市公司分红送转流程和历年“高送转”基本情况回顾,为进一步的实证分析铺路,提供现实案例依据;第四章首先从初步选定的四种影响因子指标出发,通过数据预处理,包括数据缺失值和标准化处理,其次运用基于树和递归特征消除的特征选择筛选出影响“高送转”的6个主要因子,最后创新性的运用逻辑回归和支持向量机SVM的集成学习模型,为预测下一年的高送转提供了一种高准确率、低波动率的方案;第五章从上述集成学习模型出发,筛选出各年度预测的股票,并结合最佳持仓时间进行样本外回测分析,研究结果表明能取得较高的超额回报收益率;第六章得出本文的研究结论,并指出研究的不足和未来的研究方向。得出的结论主要为:我国“高送转”事件投资时间段较为固定,一般为“高送转”预案公告日前两个月左右,且该事件具有很强的可预测性;通过对“高送转”行情内在规律的分析,将每年“高送转”预测标的股构建的组合进行样本外测试,得到的组合收益率效果明显优于同期沪深300指数收益率。},
}

@phdthesis{邢小艳基于模式识别的“高送转”投资策略研究,
  title={基于模式识别的“高送转”投资策略研究},
  author={邢小艳},
  school={华南理工大学},
  keywords={高送转；多重共线性；Logistic回归；决策树},
  abstract={“高送转”是高比例送红股或转增股本的简称,它是市场的常发事件,而且在预案公告日前一段时间有显著正的超额收益。因此投资者若能在公告前识别“高送转”事件股票,则能获得较好的投资收益。然而国内外文献对“高送转”的研究主要集中在上市公司股利政策动机研究和“高送转”财富效应验证两方面,虽然国内许多证券投资机构都有对“高送转”投资的研究,但是在关键的“高送转”预测上,大都采用主观性较强的打分排序法,因此本论文提出基于模式识别较客观的预测模型。本文首先定义了“高送转”事件内含及模式,通过文献引用和数据实证,提取了影响上市公司实施高送转的特征因素,包括每股资本公积、每股未分配利润、每股收益、每股净资产、每股现金净流量、每股营业收入、上市时间、股价、股本九因子。在此基础上选择基于主成分Logistic回归方法,建立了预测股票发生“高送转”事件的概率模型,模型经检验和共线性处理,用2014年数据建模来预测2015年的可能实施“高送转”的股票。预测结果是:2015年“高送转”预测的准确率可以达到62.8%,远远高于2015年“高送转”的A股占比19.67%。在此基础上运用CART决策树模型对第一阶段选出的“高送转”股票进一步筛选构建模拟交易策略,年化收益率高达122.41%,优于未经筛选构建的交易策略。本文的研究意义主要存在于以下两个方面,一方面从投资者的角度出发构建了完整的“高送转”投资组合策略,对投资者有一定的参考价值;另一方面从数据挖掘的角度来研究“高送转”投资,为后续的研究提供新的研究思路。},
}

@phdthesis{王悦上市公司高送转的影响因素分析,
  title={上市公司高送转的影响因素分析},
  author={王悦},
  school={南京信息工程大学},
  keywords={股票股利; 个人投资者; 上市公司;},
  abstract={深交所规定:在主板、中小板、创业板的上市公司每10股送红股与公积金转增股本合计分别达到或者超过5股、8股、10股,则称为"高送转"。"高送转"仅仅是股票股利分配的一种模式,上市公司在进行"高送转"之后并不会引起其经营状况的改变,股东也不会因此获益,但是往往会对资本市场造成比较大的影响。本文以近些年的上市公司为样本,来分析上司公司采取"高送转"的内部因素和外在因素,相关机构又有什么样的应对措施。},
}

@phdthesis{凤河有限注意与A股市场股价回归预测--基于SVM与Logistic的比较研究,
  title={有限注意与A股市场股价回归预测--基于SVM与Logistic的比较研究},
  author={凤河},
  school={西安理工大学},
  keywords={支持向量机; 逻辑回归; 预测;},
  abstract={随着当前互联网技术的革新,社交媒体快速的发展,使得人们在网上可以实时在线发表自己的观点,成为了人们新的沟通方式。网络在线评论已经成为了不少人们对于自己观点的表达方式,对于证券市场来说,在网络上已经发展了不少专业的股票论坛,供人们发表自己对股票投资问题的看法。深入分析和挖掘网络平台上投资者所发布的信息,是对于投资者行为及情绪的了解方式,也是挖掘投资者情绪的基本手段。近年来,投资者情绪已经成为了股票投资中更为关注的指标之一,从早期的结构化指标到如今文本挖掘,受到了越来越多的金融企业、监管机构的注意,也逐渐成为了学者们的研究热点问题之一。本文聚焦于网络平台上的海量文本数据,通过文本挖掘对非结构化的文本数据进行提取并分析,通过对国内股票论坛平台的信息对比,选择了雪球网论坛作为本文研究投资者有限注意的基础。雪球网论坛是一个开放性的股票交流论坛,论坛中的在线评论等信息能够比较好地从一个侧面映射投资者对相关股票的即时想法。近年来国内在本文挖掘与股票预测的相关领域内有相应的研究,取得了一定的研究成果。本文在前人研究成果的基础上,主要对投资者有限注意与股票预测的关系作以研究,同时对机器学习的不同方法进行了比较。理论研究上,论文首先界定了有限注意及不同理论基础等,并在已有研究成果的基础上提出了基于文本挖掘的股票在线评论数据构建投资者有限注意指标的研究意义。从情绪分析的角度上来看,主要通过自然语言处理将所有的文本信息进行情感分类,将文本数据的情感分为积极文本、消极文本和中性文本三类。进一步,在分类处理好信息后,建立向量空间模型与情感特征模型,分别采用支持向量机回归与logistic回归两种算法对文本的分类结果进行量化处理。实际应用研究上,本文首先以采用爬虫技术从雪球网论坛上获取的上证50指数在线股票评论的文本数据为研究对象,阐述了数据的获取和预处理过程,并进一步构建了基于文本挖掘的投资者有限注意指标。同时,本文也选取的结构化数据的指标,与投资者有限注意的指标共同作为自变量,并选取上证50指数的收盘价作为因变量。接下来,本文研究了相应自变量与因变量之间的相关性,通过平稳性检验与格兰杰因果检验筛选出与因变量相关的相应指标,再通过对相应指标构建两种模型来检验不同模型下的自变量指标对股票市场预测的准确性。研究表明看涨情绪指标和普通情绪指标与股票市场收盘价具有相关性,并且基于支持向量机的投资者有限注意指数对股票市场预测的准确率更好},
}

@phdthesis{江鹏基于支持向量机（SVM）股票择时策略的研究,
  title={基于支持向量机（SVM）股票择时策略的研究},
  author={江鹏},
  school={江西财经大学},
  keywords={量化投资; 主成分分析法; 网格搜索法; 支持向量机;},
  abstract={量化投资作为新兴的一种投资思想和投资方式,以数据为基础、投资策略为脉络、以模型为核心,正以其严谨的客观逻辑、精确、快速的交易方式的特点,获取总体稳定的收益和出色的风险控制能力赢得研究人员和市场越来越多的关注。而近年来,随着我国经济的快速发展,证券市场不断壮大,股票市场也越加的繁荣。投资者不仅面临着巨大的机遇,同时也面临着高风险。股票市场具有的复杂、非线性的特点,使得传统投资分析方法面临不小的挑战。而量化投资结合大数据形成的投资策略和方法在证券市场上优势也日益凸显。本文选取自2013年07月01日至2018年07月10日的平安银行股票数据作为研究对象,共有1228个股票交易日,选取共三十八个特征因子作为研究对象,结合数据标准化和主成分分析法,将特征因子进行降维处理,以第二天涨跌为输出数据,进行模式识别,最终建立针对该只股票数据的时间序列支持向量机预测模型。在处理过程中,对PCA-SVM模型通过网格搜索法进行参数优化。针对建立的模型,本文选取样本内外数据的预测准确率、精确率、召回率和f1-score作为衡量指标,对模型进行比较。根据模型形成的投资策略进行回测,结果表明量化投资策略能获取较市场更高的收益,同时在风险控制上表现出更好的优越性。},
}

@article{孔小文2003上市公司股利政策信号传递效应的实证分析,
  title={上市公司股利政策信号传递效应的实证分析},
  author={孔小文 and 于笑坤},
  journal={管理世界},
  volume={6},
  pages={114--118},
  year={2003}
}

@article{李常青1999我国上市公司股利政策现状及其成因,
  title={我国上市公司股利政策现状及其成因},
  author={李常青},
  journal={中国工业经济},
  volume={9},
  pages={22--26},
  year={1999}
}

@book{李常青2001股利政策理论与实证研究,
  title={股利政策理论与实证研究},
  author={李常青},
  year={2001},
  publisher={中国人民大学出版社}
}

@book{李春玲2009控股股东与上市公司股利政策,
  title={控股股东与上市公司股利政策},
  author={李春玲},
  year={2009},
  publisher={人民出版社}
}

@article{李光贵2009国有控股上市公司现金分红行为,
  title={国有控股上市公司现金分红行为: 实践总结——基于沪深 A 股国有控股上市公司的描述性分析},
  author={李光贵},
  journal={经济与管理研究},
  volume={11},
  year={2009}
}

@phdthesis{廖理2005股利政策代理理论的实证检验,
  title={股利政策代理理论的实证检验},
  author={廖理 and 方芳},
  year={2005}
}

@article{廖理2004管理层持股,
  title={管理层持股, 股利政策与上市公司代理成本},
  author={廖理 and 方芳},
  journal={统计研究},
  volume={12},
  pages={27--30},
  year={2004}
}

@article{刘淑莲2003中国上市公司现金分红实证分析,
  title={中国上市公司现金分红实证分析},
  author={刘淑莲 and 胡燕鸿},
  journal={会计研究},
  volume={4},
  pages={29--35},
  year={2003}
}

@article{陆正华2010创业板公司,
  title={创业板公司"高送转"对股票收益率的影响},
  author={陆正华 and 钟婉怡 and 陈娟娟},
  journal={财会月刊},
  number={27},
  pages={43-46},
  year={2010},
  keywords={创业板;高送转;累计平均超额收益率},
  abstract={本文实证分析了创业板公司高送转股利政策公告对股票收益率的影响,并得出以下结论:制造业和非制造业创业板公司在股利政策公布前后有截然不同的累计平均超额收益率;高送转股利政策的创业板公司,均能获得更高的超额收益率;股利政策公告日超额成交量显著不同;除权除息日前后累计平均超额收益率有显著变化。},
}

@article{罗宏2008国企分红、在职消费与公司业绩,
  title={国企分红、在职消费与公司业绩},
  author={罗宏 and 黄文华},
  journal={管理世界},
  volume={000},
  number={9},
  pages={139-148},
  year={2008},
  keywords={现金股利;在职消费;代理理论;国有企业;公司治理},
  abstract={代理理论是否能够解释我国国有企业收益分配政策,是国有企业收益分配和公司治理领域需要深入研究的问题.本文以代理理论为基?运用2003～2006年A股上市公司数据,实证检验了我国国有上市公司现金分红政策与高管人员在职消费之间的关系.我们发现相对非国有最终控制的公司而言,国有最终控制公司高管人员的在职消费程度与公司业绩负相关,而支付现金股利可以显著降低高管人员的在职消费程度.这表明国企分红在抑制在职消费的同时,减少了代理成本.这为我们从优化公司治理、约束管理层代理动机角度思考国有企业收益分配政策提供了经验证据.},
}

@article{罗宏2008国企分红、在职消费与公司业绩,
  title={国企分红、在职消费与公司业绩},
  author={罗宏 and 黄文华},
  journal={管理世界},
  volume={000},
  number={9},
  pages={139-148},
  year={2008},
  keywords={现金股利;在职消费;代理理论;国有企业;公司治理},
  abstract={代理理论是否能够解释我国国有企业收益分配政策,是国有企业收益分配和公司治理领域需要深入研究的问题.本文以代理理论为基?运用2003～2006年A股上市公司数据,实证检验了我国国有上市公司现金分红政策与高管人员在职消费之间的关系.我们发现相对非国有最终控制的公司而言,国有最终控制公司高管人员的在职消费程度与公司业绩负相关,而支付现金股利可以显著降低高管人员的在职消费程度.这表明国企分红在抑制在职消费的同时,减少了代理成本.这为我们从优化公司治理、约束管理层代理动机角度思考国有企业收益分配政策提供了经验证据.},
}

@article{吕长江2005公司治理结构与股利分配动机,
  title={公司治理结构与股利分配动机--基于代理成本和利益侵占的分析},
  author={吕长江 and 周县华},
  journal={南开管理评论},
  volume={8},
  number={3},
  year={2005},
  keywords={公司治理结构;股利;控股股东;降低代理成本假说;利益侵占假说},
  abstract={本文以我国上市公司为对象,从公司治理结构安排的角度,系统研究2001年管理层出台新政策后公司的股利分配动机.结果表明,降低代理成本假说和利益侵占假说都在不同程度地发挥作用,集团控股公司适合降低代理成本假说;而对于政府控制公司,用利益侵占假说解释其股利分配动机更为恰当.我们进一步发现,针对我国特殊的股权结构特征及流通特征,现金股利在中国资本市场中具有"双刃剑"特征.},
}

@article{陈沛歆2012股权分置改革、资金侵占与现金股利政策——基于,
  title={股权分置改革、资金侵占与现金股利政策——基于A股上市公司的实证研究},
  author={陈沛歆 and 杨晶},
  year={2012},
  keywords={股权分置改革;资金侵占;现金股利政策},
  abstract={股权分置改革对我国A股上市公司的公司治理有重要的影响,其对股利政策的影响是研究热点.已有研究表明,资金侵占与现金股利政策作为大股东利益输送的手段.在股权分置改革的背景下,本文对资金侵占与现金股利政策在股权分置改革前后的变化进行了分析.结果发现,股权分置改革不仅减少了大股东的资金侵占,也削弱了资金侵占与现金股利政策之间的关系,表明大股东通过资金侵占及现金股利政策进行利益输送的行为得到抑制,即股权分置改革对上市公司治理有一定改良作用.},
}

@article{吕长江2002上市公司资本结构、股利分配及管理股权比例相互作用机制研究,
  title={上市公司资本结构、股利分配及管理股权比例相互作用机制研究},
  author={吕长江 and 王克敏},
  journal={会计研究},
  number={3},
  pages={39-48},
  year={2002},
  keywords={资本结构;股利分配;管理股权比例;结构方程},
  abstract={本文认为,上市公司资本结构,股利分配及管理股权比例三者之间存在着显著的相互作用关系.现有文献往往将资本结构和股利分配作为被解释变量,资本结构与股利分配互为解释变量,管理股权比例仅被视为解释变量,采用单方程模型方法进行独立研究,参数估计难免有偏和不一致.基于此,本文通过建立资本结构,股利分配及管理股权比例之间关系的结构方程模型扩展了以往研究结果.实证结果表明,资本结构,股利分配及管理股权比例三者之间存在相互作用关系,管理股权比例是影响公司的资本结构政策和股利分配政策的重要因素;处于成长阶段,资产规模逐渐扩大的绩优公司善于发挥财务杠杆效应,以降低权益代理成本,资产负债率与公司绩效正相关;盈利能力和公司股本规模是影响公司股利分配政策的共同因素,这与本人有关股利政策的以往研究结果一致.},
}

@article{彭洋创业板上市公司股利分配政策传递的信号分析,
  title={创业板上市公司股利分配政策传递的信号分析},
  author={彭洋},
  journal={商业会计},
  number={27},
  pages={66-67},
  keywords={创业板上市公司;股利分配政策;信号分析;信号传递理论;2010年;财务信息;决策依据;投资者},
  abstract={根据股利分配政策的信号传递理论,本文分析了创业板上市公司2010年股利分配政策,探究其传递的真实财务信息,为创业板投资者提供有针对性的决策依据.},
}

@article{平新乔2003中国国有企业代理成本的实证分析,
  title={中国国有企业代理成本的实证分析},
  author={平新乔 and 范瑛 and 郝朝艳},
  journal={经济研究},
  number={11},
  pages={42-53},
  year={2003},
  keywords={激励性契约;代理成本;国有企业},
  abstract={我们运用"2 0 0 2年国有企业改制调查"中的激励工资数据 ,按Broyden Fletcher Goldfarb Shanno的最大似然估计模拟程序 ,对中国国有企业代理成本的规模,原因做了估计与分析.结果发现 ,中国国有企业的代理成本 ,相当于 60 %— 70 %的利润潜力.也就是说 ,在现存的国有企业体制下 ,代理成本使企业效率只达到了 3 0 %— 40 % !委托人 (政府的国资管理机构 )对客观随机冲击θ,代理人风险规避参数r及努力的边际成本递增率 η缺乏充分信息所产生的代理成本占总代理成本的 2  3 ;而由代理人风险规避所导致的代理成本占 1  3.模拟估算的结果显示 ,采取租赁,出售或租售国企的方式 ,大约可以使利润潜力的利用率增加 2 0个百分点 ;若要降低契约的信息成本 ,则应该在财产所有权与控制权上努力实现分权化.},
}

@article{任有泉2006An,
  title={An Empirical Study on Instability in Dividend Policy of the List Corporations%中国上市公司股利政策稳定性的实证研究},
  author={任有泉},
  journal={清华大学学报：哲学社会科学版},
  number={01},
  pages={121-128},
  year={2006},
  keywords={股利政策;稳定性;Lintner模型},
  abstract={运用Lintner经典模型,并采用混合回归方法对我国上市公司的股利政策的稳定性进行实证研究,发现与成熟资本市场的上市公司不同,我国上市公司股利支付取决于当年的盈余,与上年的股利支付无关,上市公司遵循不稳定的股利政策,融资制度差异是我国公司股利支付的不稳定的根本原因,盈余的不稳定等因素加剧了股利政策的不稳定.与成熟资本市场国家的股利政策信息内涵不同,我国上市公司股利政策变动并不反映企业未来盈余的变化,因此建议投资者在利用股利政策来决定投资决策时应慎用这些信息.},
}

@article{秦江萍2004中国上市公司现金分红实证分析,
  title={中国上市公司现金分红实证分析},
  author={秦江萍 and 王怀栋},
  journal={财会研究},
  year={2004},
}

@article{沈洪涛2003新股增发,
  title={新股增发:自由现金流量假说还是优序融资假说},
  author={沈洪涛 and 沈艺峰 and 杨熠},
  year={2003},
  keywords={增发新股;自由现金流量;优序融资},
  abstract={对上海证券交易所和深圳证券交易所 41家于 1 998-2 0 0 1年之间增发 A股上市公司的经验分析表明 ,中国新股增发中确实存在"公告效应".分析结果支持了自由现金流量假说关于"公告效应"的理论解释 ,但本文发现没有足够的证据支持优序融资假说},
}

@article{汪平2009资本成本、可持续增长与国有企业分红比例估算——模型构建及检验,
  title={资本成本、可持续增长与国有企业分红比例估算——模型构建及检验},
  author={汪平 and 李光贵},
  journal={会计研究},
  number={9},
  pages={60-67+99},
  year={2009},
  keywords={资本成本;可持续增长;可持续分红比例模型;检验},
  abstract={本文以股利理论、资本成本理论与可持续增长理论分析为基础,构建了国有企业可持续分红比例估算模型,并进行了检验和分析。检验结果表明,国有企业在样本期间股东权益报酬率(即留存收益再投资收益率)总体能够满足国有股东必要报酬率(即股权资本成本)的要求,适度留存利润将有利于国有企业的价值创造。文章建议,国有企业应努力提高自身的盈利能力、营运能力,并保持合理的资本结构,在应对和处置市场风险方面发挥积极作用,从而在兼顾国有股权资本成本和可持续增长的基础上制定科学的分红政策。},
}

@article{王会芳2011创业板上市公司股利分配研究,
  title={创业板上市公司股利分配研究},
  author={王会芳},
  journal={证券市场导报},
  number={3},
  pages={76-79},
  year={2011},
  keywords={创业板;创业板公司;股利分配},
  abstract={本文以截止2010年4月30日79家创业板上市公司为对象,以实证分析的方法研究创业板上市公司股利分配.结论显示,创业板上市公司股利分配与第一大股东持股比例之间没有显著关系;公司成长性对现金股利发放水平有抑制作用;公司盈利能力,货币资金充足率及盈余积累水平对公司现金股利分配水平有显著影响.本文的研究表明,创业板公司股利分配行为不支持股利迎合假说及利益输送假说,公司股利分配在一定程度上反映了公司的组织结构特征.},
}

@book{魏刚2001中国上市公司股利分配问题研究,
  title={中国上市公司股利分配问题研究},
  author={魏刚},
  publisher={东北财经大学出版社},
  year={2001},
  keywords={股份有限公司;利润;分配经济},
  abstract={本书包括股利政策概述，现金股利，股票回购，股票股利、转增股本和股票分割，不分配现象透视，持久赢利与股利政策，股利变化与盈利变化等内容。},
}

@article{魏刚2001A,
  title={A Sucrvey Report on the Dividend Distribution of the Public Corporations in China%中国上市公司股利分配问卷调查报告},
  author={魏刚 and 蒋义宏},
  journal={经济科学},
  volume={000},
  number={4},
  pages={79-87},
  year={2001},
  keywords={股利分配;问卷调查;现金股利;股票股利;不分配},
  abstract={我们对中国上市公司股利分配的问卷调查结果进行了分析.我们发现,中国上市公司在制定股利支付水平时,主要考虑的是本期及以后各期的盈利能力,而债权人的限制并不是主要影响因素.上市公司分配现金股利,主要是向市场表明公司财务状况良好,现金流量充足.另外,中国上市公司分配现金股利,并不是机构投资者需要现金股利.我们发现,上市公司不分配现金股利,主要是因为有较好的投资项目;不分配现金股利,并不是因为流通股股东不喜欢现金股利.分配股票股利,主要是对公司未来前景看好,通过支付股票股利向市场传递这个消息;不分配股票股利,主要是因为怕稀释每股收益.另外,中国上市公司转增股本,主要是因为公司资本公积金充足;不转增股本,主要是因为公司资本公积金较少.而上市公司不分配股利,主要是因为有较好的投资项目,现金流量紧张.我们认为,要增加上市公司的股利支付水平,提高股东的股利回报率,重中之重是提高上市公司的盈利能力.另外,监管部门要正确引导上市公司的股利分配行为,是否现金分红,不应该一刀切.},
}

@article{翁洪波2007机构投资者、公司治理与上市公司股利政策,
  title={机构投资者、公司治理与上市公司股利政策},
  author={翁洪波 and 吴世农},
  journal={中国会计评论},
  volume={000},
  number={003},
  year={2007},
  keywords={机构投资者;公司治理;股利政策},
  abstract={本文实证研究了2001—2004年间中国证券市场中机构投资者持股、公司治理与上市公司股利政策之间的关系。针对我国特殊的股权结构制度背景下,现金股利政策的两种理论观点——"自由现金流假说"和"利益输送假说"以及在我国资本市场上呈现的"恶意派现"现象,实证检验了我国机构投资者是否能够发挥治理、监督作用。研究结果发现:在2001—2004年间,机构投资者持股公司的每股现金股利发放水平显著地高于非机构投资者持股的公司,发放现金股利公司的机构投资者的持股比例显著地高于不发放现金股利公司,公司现金股利发放水平成为投资者构建投资组合的重要标准;机构投资者的持股比例不会对上市公司的股利政策产生影响,对于我国上市公司近年来出现的"恶意派现"现象,机构投资者发挥了其监督治理职能,机构投资者持股比例越高,上市公司发生"恶意派现"的可能性越小。},
}

@article{吴苗苗2011创业板上市公司的“高送转”股利政策研究,
  title={创业板上市公司的“高送转”股利政策研究},
  author={吴苗苗},
  journal={会计师},
  volume={000},
  number={9},
  pages={10-11},
  year={2011},
  keywords={创业板上市公司;股利政策;2009年;2010年;聚焦点;时节;明星;送股},
  abstract={伴随着2009年年报的陆续披露,2010年早春时节,创业板上市公司逐渐成为各大媒体,报刊的"明星","高送转"和"高成长"两高特征成为聚焦点.这些创业板上市公司多数实行每10股转送10股以上的高送股政策,一时市场上出现热炒"高送转"题材股的现象.时至2011年春天,"高送转"最终几人欢喜,几人忧呢?神话破灭,创业板股价集体跳水,拖累主板上市公司股价大幅下跌.当大多数小散户们损失达到20%以上时,才开始认清这些创业板上市公司实施"高送转"的股利政策的真实用意,可为时已晚.因此,在这种形势下研究"高送转"的股利分配政策具有一定的现实意义,为即将进入股市的广大小散户们在今后的股票投资提供一些指导意见.},
}

@phdthesis{吴斯2011中小板上市公司股利决策羊群行为研究,
  title={中小板上市公司股利决策羊群行为研究},
  author={吴斯},
  school={河北工程大学},
  year={2011},
  keywords={中小企业板;行为金融;股利决策;羊群行为},
  abstract={股利政策是现代公司财务管理的核心内容之一,是公司融资决策和投资决策的逻辑延续。行为股利学派运用行为金融学相关理论从个体和群体行为以及产生该行为的心理、社会动机等方面来解释、研究上市公司的股利决策行为,对经典金融学理论所不能或解释不足的证券市场“异象”提出了新的研究视角。 本文首先在总结分析前人研究的基础上,系统论述了行为金融理论下股利决策羊群行为研究的选题背景和意义、羊群行为的研究综述、行为金融的基础理论以及行为股利理论;其次,对羊群行为的基本理论进行了分析,并详细介绍了多元线性回归方法、Logistic回归方法的原理,通过对前人运用该方法所做的研究进行综述,验证了两种方法在本文研究中的可行性;再次,针对我国中小企业板上市公司股利政策现状,从行为金融学视角对中小上市公司股利决策行为进行了理论分析;最后,从股利支付水平和股利支付决策两个方面构建行为金融分析框架下的股利决策羊群行为模型,对2004-2009年间中小企业板上市公司的样本数据,采用多元线性回归和Logistic回归分析方法进行实证分析,考察中小上市公司股利支付水平和股利支付决策的羊群行为。研究发现,中小上市公司的股利支付水平存在模仿领先公司支付水平的羊群行为和模仿市场普遍公司支付水平的羊群行为,中小上市公司股利支付决策不存在羊群行为。},
}

@article{易颜新2008我国上市公司股利分配决策的调查研究分析,
  title={我国上市公司股利分配决策的调查研究分析},
  author={易颜新 and 柯大钢 and 王平心},
  journal={南开管理评论},
  number={01},
  pages={50-59},
  year={2008},
  keywords={股利分配决策;分配动因;影响因素;股东财富效应;问卷调查},
  abstract={本文调查了上市公司财务总监股利支付水平决策的主要影响因素和股利分配动因.2006年5月和8月,我们对河北省,山西省,陕西省82家上市公司和厦门国家会计学院两期培训班60家上市公司财务总监进行问卷调查,累计收回有效问卷123份.分析调查结果我们发现,上市公司管理层在决定现金股利支付水平时,首先考虑公司是否有充足的现金储备和持续经营现金净流入量;股票股利高低主要受公司扩张计划,当期每股净利润和未来预期每股净利润的影响;每股资本公积金是公积金转增股本的首要影响因素;支付现金股利的资金主要来源于当期和以前经营活动现金净流量.大部分CFO同意公司应设立现金股利目标支付率并逐步调整至目标支付率,反对稳定的现金股利政策;支持"一鸟在手"理论,信号传递理论,代理成本理论和大股东陶空理论.现金股利,股票股利分别对非流通股股东,流通股股东存在显著的财富效应,为股东财富效应理论提供了充分证据.},
}

@article{尹飘扬2012我国创业板上市公司股利分配研究,
  title={我国创业板上市公司股利分配研究},
  author={尹飘扬},
  journal={中国注册会计师},
  number={12},
  year={2012},
  keywords={创业板;股利分配;影响因素;实证分析},
  abstract={创业板上市公司如何合理地进行股利分配具有十分重要的意义。本文在分析目前国内外股利分配的研究现状基础上,对创业板上市公司年报的内容进行整理,设置股利分配影响因素指标,分别选取69家连续三年分配股利和223家2011年数据有效的创业板上市公司,以描述性统计和实证分析的方法得出我国创业板上市公司股利分配的特征及与其显著相关的影响因素。},
}

@article{俞乔2001我国公司红利政策与股市波动,
  title={我国公司红利政策与股市波动},
  author={俞乔 and 程滢},
  journal={经济研究},
  number={4},
  pages={32-40+95},
  year={2001},
  keywords={红利政策;股价收益;交易数量},
  abstract={本文从实证的角度分析了中国上市公司的年度红利公告对股价及交易量的影响。我们发现 ,不论是首次分红还是一般的年度分红 ,现金股利所引起的股价异常收益显著小于股票股利和混合股利 (即现金和红股 )。此外 ,现金股利作为首次分红支付方式不受市场欢迎 ,其异常收益显著为负值。为了保证实证结果的纯净性 ,本文还进行了干扰排斥性检验 ,排除了除息除权日的溢出效应、大宗交易所引起的股价偏差及红利公告期间风险要素增加的影响。此研究回答了我国证券市场建立以来公司红利政策与市场价格及交易额的相关关系问题。},
}

@article{肖珉2005Free,
  title={Free Cash Flow ,Interests Tunneling and Cash Dividends%自由现金流量、利益输送与现金股利},
  author={肖珉},
  journal={经济科学},
  volume={000},
  number={002},
  pages={67-76},
  year={2005},
  keywords={自由现金流量;利益输送;现金股利},
  abstract={本文针对现金股利的两种理论观点--"自由现金流量"假说和"利益输送"假说进行实证检验,探讨我国上市公司派发现金股利的动因和结果.研究结果显示,我国上市公司发放现金股利不是出于减少冗余现金的需要,而是与大股东套取现金的企图有关,从现金股利的公告效应看,现金股利的发放对公司价值的影响具有两面性:一方面,有利于囤积大量多余现金的公司减少资源滥用行为;另一方面,也可能成为上市公司向大股东输送现金的工具.},
}

@article{谢军2006Dividend,
  title={Dividend Policy, the Largest Shareholder and Firm Growth: Free Cash Flow vs. Tunneling%股利政策、第一大股东和公司成长性:自由现金流理论还是掏空理论},
  author={谢军},
  journal={会计研究},
  volume={000},
  number={4},
  pages={51-57},
  year={2006},
  keywords={第一大股东;股利政策;现金股利发放率;成长性;自由现金流;掏空},
  abstract={本文以763家上市公司2003年的横截面数据为样本,检查了股利政策和第一大股东持股以及企业成长性机会之间的统计关系,考察了股利政策的股权效应,并比较分析了企业成长性机会对股利政策股权效应的影响程度.作者发现,第一大股东具有发放现金股利的显著动机,而且这种动机不受股东性质的显著影响.文章进一步观察到,企业成长性机会能够弱化第一大股东分配现金股利的激励,并促使公司保留更多的现金用于有价值的投资机会.本文的经验结果并不支持"掏空"理论,而更支持自由现金流理论:第一大股东能够迫使公司吐出多余的自由现金流,并能根据企业的成长性机会调整股利政策(在成长性高的公司增加投资,在成长性低的公司增加股利).},
}

@article{杨熠2004现金股利,
  title={现金股利:传递盈利信号还是起监督治理作用},
  author={杨熠 and 沈艺峰},
  journal={中国会计评论},
  number={1},
  pages={61-76},
  year={2004},
  keywords={股利信号;自由现金流量;现金股利},
  abstract={西方学者关于股利问题的研究表明,现金股利公告能够产生相应的股价变动,对此股利信号理论和自由现金流量假说提出了不同的解释.本文研究1994—2001年的962次现金股利公告,对比两个理论在我国上市公司现金股利发放行为中的解释力.实证结果表明自由现金流量假说比股利信号理论更能解释现金股利公告的市场行为:现金股利约束自由现金流量代理成本的监督治理作用不可忽视.},
}

@article{应展宇2004股权分裂、激励问题与股利政策——中国股利之谜及其成因分析,
  title={股权分裂、激励问题与股利政策——中国股利之谜及其成因分析},
  author={应展宇},
  journal={管理世界},
  number={7},
  pages={108-119},
  year={2004},
  keywords={股权分裂;代理成本;股利政策},
  abstract={通过中国上市公司10年股利政策实践的分析,我们认为无论是与经典股利理论还是西方国家相比,这一财务行为存在很多令人费解的现象,或者说是一个"中国股利之谜"。通过一个简化融资模型,我们阐明了这一"股利之谜"形成的制度根源在于中国特殊的股权结构,即股权分裂。股权分裂的存在,加上非流通股的控股地位以及低廉的投资成本,使得中国上市公司财务决策中的激励问题(尤其是非流通股股东及其代理人与流通股股东之间的利益冲突)处于一种激化状态。在外部约束失效的当前中国经济中,由于这些控股股东及其代理人作为"内部人"基本可以为所欲为,以各种"合法"的财务行为侵害流通股股东权益,进而导致财务决策机制扭曲,股利分配行为的异化也就在意料之中了。},
}

@article{张海燕2008从现金红利看第一大股东对高级管理层的监督,
  title={从现金红利看第一大股东对高级管理层的监督},
  author={张海燕 and 陈晓},
  journal={南开管理评论},
  number={02},
  pages={17-23},
  year={2008},
  keywords={二职合一;第一大股东;现金股利;代理理论},
  abstract={本文旨在考察大股东和高管在现金红利中的不同动机。以1999-2004年度的全部A股上市公司为样本,检验公司高级管理层对现金红利的影响,考察第一大股东发放现金股利的动机,并分析第一大股东对管理层的监督和控制。我们发现,当董事长兼任总经理(二职合一)时,公司发放的现金红利较低;当董事会中管理层比例较高时,公司发放的现金红利也较低;但当第一大股东控股比例较高时,公司的现金红利则较高。进一步研究发现,第一大股东的控股能够削弱二职合一对红利的负面影响,也能够削弱董事会中管理层比例对现金红利的负面影响。本文的经验结果支持了代理理论和大股东降低代理成本假说,即公司管理层普遍不愿进行现金派送,但是大股东能够监督管理层的红利政策;而且大股东的控股比例越高,这种监督作用越明显,越能够缓解代理问题对红利政策的影响。本文的研究结果具有较强的政策意义,即股权分置改革的后期,不一定要急于过度分散股权结构,当大股东和高管分属不同主体时,适度的股权集中有利于对管理层的监督。},
}

@article{周县华2008股权分置改革、高股利分配与投资者利益保护——基于驰宏锌锗的案例研究,
  title={股权分置改革、高股利分配与投资者利益保护——基于驰宏锌锗的案例研究},
  author={周县华 and 吕长江},
  journal={会计研究},
  number={8},
  pages={61-70+97},
  year={2008},
  keywords={股权分置改革;利益侵占;股利分配},
  abstract={本文以我国股权分置改革为制度背景,从股利代理理论和投资者保护理论角度出发,研究驰宏锌锗的股利分配行为与投资者利益保护的关系.分析结果表明,驰宏锌锗在股权分置改革过程中所进行的股利分配,有严重侵占中小股东利益之嫌.针对这一问题,我们建议监管当局要加强对上市公司高股利分配行为的监管,并继续完善中小投资者法律保护建设,尤其是执行层面的监督.上市公司则应该提高其所披露信息的质量,促进公司稳定和谐发展.},
}

@article{曹玉珊2008企业财务可持续增长效率的源泉分析——来自中国上市公司的证据,
  title={企业财务可持续增长效率的源泉分析——来自中国上市公司的证据},
  author={曹玉珊},
  journal={商业经济与管理},
  number={02},
  pages={76-82},
  year={2008},
  keywords={企业增长;可持续增长率;增长效率;源泉},
  abstract={文章剖析了研究影响企业增长效率之财务因素的意义并建立了统计模型;寻找了中国上市公司的证据.研究结果表明:企业财务可持续增长效率的综合成因,存在于SGR计算公式所涉及的四个基本财务比率中一个或多个比率的显著变化和显著的新股发行行为之中;销售净利率和权益乘数的变化是主要源泉,而总资产周转率,留存比率的变化和新股发行是次要因素或者不重要因素.},
}

@article{曹媛媛2004我国上市公司股利政策的信息内涵,
  title={我国上市公司股利政策的信息内涵:基于股利政策稳定性的实证研究%The Information Content of Dividend Policy of the Listed Companies in China:Empirical Study Based on Stability in Dividend Policy},
  author={曹媛媛 and 冯东辉},
  journal={系统工程},
  volume={022},
  number={2},
  pages={33-37},
  year={2004},
  keywords={股利政策稳定性;信息内涵;混合回归;交叉列联表},
  abstract={西方信号理论表明,上市公司遵循稳定的股利政策,股利变化可传递未来盈余的信息.从股利政策稳定性的角度对我国上市公司股利政策的信息内涵进行研究,研究发现:上市公司遵循不稳定的股利政策,不稳定的股利政策使得我国公司的股利政策的信息内涵与西方信号理论存在一定差别,即股利变动不反映公司未来盈余的信息.},
}

@article{陈珠明2010高送转股票财富效应的实证研究,
  title={高送转股票财富效应的实证研究},
  author={陈珠明 and 史余森},
  journal={系统工程},
  number={10},
  pages={12-18},
  year={2010},
  keywords={财富效应;高送转股票;股利},
  abstract={采用事件研究法,研究高送转股票的财富效应及股东大会通过日和除权除息日等相关事件前后股价的异常波动。实证表明,在公司公告分红预案前5个交易日内,高送转股票会出现显著正的超额收益;股东大会公告日前后不存在超额收益;牛市中除权除息日前后的股票会在短期内存在超额收益;熊市中除权除息日前后的超额收益不显著。},
}

@article{陈晓1998我国上市公司首次股利信号传递效应的实证研究,
  title={我国上市公司首次股利信号传递效应的实证研究},
  author={陈晓 and 陈小悦},
  journal={经济科学},
  volume={000},
  number={5},
  pages={33-43},
  year={1998},
  keywords={中国;上市公司;股利;信号传递效应;实证研究},
}

@article{方光正2005上市公司偏好低现金股利政策的成因分析,
  title={上市公司偏好低现金股利政策的成因分析},
  author={方光正},
  journal={现代管理科学},
  number={2},
  pages={86-87},
  year={2005},
  keywords={低现金股利政策;内因;外因},
  abstract={上市公司偏好低现金股利政策,损害了中小投资者的利益,加剧了市场投机行为,降低了经 营者的风险意 识,已成为我国资本市场正常运行与健康发展的一大障碍。本文从内因和外因出发分析我国上市公司偏好低现金股利政策的成因。},
}

@article{杨鹏2012创业板公司股利分配对未来业绩影响探析,
  title={创业板公司股利分配对未来业绩影响探析},
  author={杨鹏},
  journal={企业导报},
  number={2},
  pages={127},
  year={2012},
  keywords={每股收益;净资产收益率;送股比例;派现},
  abstract={本文立足于中国部分创业板上市公司的未来业绩以及股利分配情况作为考察对象,利用Eviews6.0统计软件对2009年及2010年股利分配以及公司业绩的统计数据进行回归分析,从实证角度揭示了股利分配与未来业绩的关系.},
}

@article{何涛2002现金股利能否提高企业的市场价值——,
  title={现金股利能否提高企业的市场价值——1997—1999年上市公司会计年度报告期间的实证分析},
  author={何涛 and 陈晓},
  journal={金融研究},
  volume={000},
  number={8},
  pages={26-38},
  year={2002},
  keywords={现金股利;市场反应;回归分析},
  abstract={本文在对当前流行的监管部门应干预上市公司股利政策的观点进行回顾和讨论的基础上,分析了我国现有股利信息市场反应研究中存在的问题.运用回归分析法,在控制了盈余信息,审计意见,年度因素,行业因索,B股,流通股比例,规模等因素的情况下,对1997—1999年会计年度报告期间,现金股利信息所导致的市场反应进行了实证研究.结果发现,"纯"现金股利信息(没有送股,配股等方案)对股票的超额回报没有显著影响,不能显著提高企业的市场价值.这一实证研究结果对监管层干预上市公司股利政策的理性提出了置疑.},
}

@article{黄娟娟2007上市公司的股利政策究竟迎合了谁的需要——来自中国上市公司的经验数据,
  title={上市公司的股利政策究竟迎合了谁的需要——来自中国上市公司的经验数据},
  author={黄娟娟 and 沈艺峰},
  journal={会计研究},
  number={8},
  pages={38-45+97},
  year={2007},
  keywords={股利政策;大股东;迎合理论},
  abstract={上市公司为什么要支付股利?传统的税收理论,信号模型以及代理假说等公司股利政策理论实际上都没最终完整地解释清楚这个"股利之谜".最近美国学者Baker和Wurgler从行为公司财务角度出发提出了股利迎合理论,该理论认为公司支付股利的主要原因在于,管理者为了提高股价理性地迎合了股东对股利不断变化的偏好.本文认为,Baker和Wurgler提出的股利迎合理论忽略了上市公司股权结构的特征.在股权高度集中的上市公司里,管理者制订股利政策主要是为了迎合大股东的需求,广大中小投资者的股利偏好往往被忽视.本文以1994年至2005年间我国的上市公司为样本进行检验,研究结果支持了我们所提出的理论观点.},
}

@article{姜国华2006公司治理和投资者保护研究综述,
  title={公司治理和投资者保护研究综述%A Summarize of the Study of Company Father and Investor Sateguard},
  author={姜国华 and 徐信忠 and 赵龙凯},
  journal={管理世界},
  volume={000},
  number={6},
  pages={161-170},
  year={2006},
  keywords={公司治理;投资者保护;亚洲金融危机;信任危机;学术领域;私有化;世界性},
  abstract={世界性的私有化热潮、还未从人们记忆中消失的亚洲金融危机、不断出现的公司丑闻和日益严重的公司信任危机都一次次地将公司治理推到从未有过的受重视的地位。学术领域对公司治理问题的研究，不仅能够帮助人们更清楚地了解问题本身，更重要的是希望能够提供更好的政策性指导。},
}

@article{Avner1982Stockholder,
  title={Stockholder-bondholder conflict and dividend constraints},
  author={Avner and Kalay},
  journal={Journal of Financial Economics},
  year={1982},
  abstract={This paper examines a large, randomly chosen, sample of bond indentures focusing on the constraints they set on dividend payments that have the potential to transfer wealth from the bondholders (i.e., payments which are financed by a new debt issue or reduced investment). The nature of these restrictions support the hypothesis that bond convenants are structured to control the conflict of interest between stockholders and bondholders. Further, the empirical evidence suggests that these constraints are not binding 鈥i.e., stockholders do not pay themselves as much dividends as they are allowed to. Explanations of this puzzling empirical regularity are suggested.},
}

@article{Kryzanowski2009Trading,
  title={Trading Patterns of Small and Large Traders around Stock Split Ex-Dates},
  author={Kryzanowski, Lawrence and Hao, Zhang},
  journal={Journal of Financial Research},
  volume={19},
  number={1},
  pages={75-90},
  year={2009},
  abstract={We investigate the trading patterns of small and large traders around stock split ex‐dates. Using the intraday transaction database for the Toronto Stock Exchange during 1983–89, we find that stock splits are associated with significant changes in trading patterns. Although stock splits appear to have little effect on the trading behavior of large traders (trade value of at least $100,000), they are associated with significant decreases in odd‐lot trading and increases in small board‐lot trading (trade value of less than $10,000). Although the liquidity premia decrease for all trade sizes, trade direction changes significantly from sell to buy after split ex‐dates for all but the large trades, where the change is in the opposite direction. The significant increase in variances after split ex‐dates is explained by various microstructure‐related variables, and small (large) trades appear to be (de)stabilizing.},
}

@article{Walther2007Stock,
  title={Stock Splits and Stock Dividends},
  author={Walther, Larry},
  year={2007},
  keywords={CiteSeerX;citations;Stock Splits and Stock Dividends;J Lakonishok;B Lev},
  abstract={CiteSeerX - Scientific documents that cite the following paper: Stock Splits and Stock Dividends},
}

@article{CHRISTOPHER1987The,
  title={The Market Reaction to Stock Splits},
  author={CHRISTOPHER and G. and LAMOUREUX and PERCY and POON},
  journal={Journal of Finance},
  year={1987},
  abstract={In this paper, a model of market reaction to stock splits is presented and tested. We argue that the announcement of a split sets off the following chain of events. The market recognizes that, subsequent to the (reverse) split ex-day, the daily number of transactions along with the raw volume of shares traded will increase (decrease). This increase in volume results in an increase in the noisiness of the security's return process. The increase in noise raises the tax-option value of the stock, and it is this value that generates the announcement effect of stock splits. Empirical evidence using security returns, daily trading volume, and shareholder data strongly supports this theory. The evidence, in conjunction with this theory, also agrees with extant literature that splits result in decreased liquidity, but there is no evidence that this reduction in liquidity is priced.},
}

@article{Mcnichols1990Stock,
  title={Stock Dividends, Stock Splits, and Signaling},
  author={Mcnichols, Maureen and Dravid, Ajay},
  journal={Journal of Finance},
  volume={45},
  number={3},
  pages={857-879},
  year={1990},
  abstract={This paper provides evidence that firms signal their private information about future earnings by their choice of split factor. Split factors are increasing in earnings forecast errors, after controlling for differences in pre-split price and firm size. Furthermore, price changes at stock dividend and split announcements are significantly correlated with split factors, holding other factors constant, and with earnings forecast errors. These correlations suggest that management's choice of split factor signals private information about future earnings and that investors revise their beliefs about firm value accordingly. The analysis also suggests, however, that announcement returns are significantly correlated with split factors after controlling for earnings forecast errors. This suggests that earnings forecast errors measure management's private information about future earnings with error, that split factors signal other valuation-relevant attributes, or that a signaling explanation is incomplete.},
}

@article{Merton1961Dividend,
  title={Dividend Policy, Growth, and the Valuation of Shares},
  author={Merton H. Miller and Franco Modigliani},
  journal={Journal of Business},
  volume={34},
  number={4},
  pages={411-433},
  year={1961},
}

@article{Hong2012Trading,
  title={Trading for Status},
  author={Hong, Harrison G. and Jiang, Wenxi and Zhao, Bin},
  journal={Review of Financial Studies},
  volume={27},
  number={11},
  pages={págs.  3171-3212},
  year={2012},
  abstract={We show that Keeping-up-with-the-Joneses preferences can explain several puzzling retail investor behaviors, including the excessive trading of small local stoc},
}

@article{Graeme1996Stice,
  title={Stice. , What Do Stock Splits Really Signal?” Journal of Financial and Quantitative Analysis 3, .},
  author={Graeme, Ikenberry and Earl, K and David, L},
  journal={Patents Finance},
  year={1996},
}

@article{Josef1986Tax,
  title={Tax-induced trading around ex-dividend days},
  author={Josef and Lakonishok and and and Theo and Vermaelen},
  journal={Journal of Financial Economics},
  year={1986},
  abstract={This paper investigates trading volume around ex-dividend days. For taxable distributions (cash dividends), it is found that trading volume increases significantly around the ex-dividend day. This increase is more pronounced for high yield, actively traded stocks and after brokerage commissions became negotiable. The results are consistent with the hypothesis that short-term traders have an impact on ex-day price behavior, at least for taxable distributions. For non-taxable distributions (stock splits and stock dividends) we find negative abnormal volume around ex-day.},
}

@article{Gerald1992Jensen,
  title={Jensen, Solberg, and Zorn.},
  author={Gerald, R and Donald, P and Thomas, S},
  journal={Simultaneous Determination of Insider Ownership Debt \& Dividend Policies Journal of Financial \& Quantitative Analysis},
  volume={27},
  pages={247-263},
  year={1992},
  abstract={[Original String]: Jensen, Gerald R., Donald P. Solberg, and Thomas S. Zorn. 1992, Simultaneous Determination of Insider Ownership, Debt, and Dividend Policies, Journal of Financial and Quantitative Analysis 27:2, 247-263.},
}

@article{Eades1984On,
  title={On interpreting security returns during the ex-dividend period},
  author={Eades, Kenneth M. and Hess, Patrick J. and Kim, E. Han},
  year={1984},
  keywords={Information storage and retrieval;information management;system use;organizational theory},
  abstract={In this paper we examine the ex-dividend day returns of several taxable and non-taxable distributions. The ex-dividend day returns for the taxable common stocks are consistent with the hypothesis that dividends are taxed more heavily than capital gains. However, the ex-dividend day returns of preferred stocks suggest that preferred dividends are taxed at a lower rate than capital gains; non-taxable stock dividends and splits are priced on ex-dividend days as if they are fully taxable; and non-taxable cash distributions are priced as if investors receive a tax rebate with them. We also find that each of these distributions exhibits abnormal return behavior for several days surrounding the ex-dividend day. We investigate several possible explanations for this anomaly, but none is capable of explaining the phenomenon.},
}

@article{Measurement1998the,
  title={the Variance of Returns after Stock Splits and Stock Dividends, Review of Financial Studies 1, .},
  author={Measurement, Koski and Jennifer, L},
  journal={Patents Finance},
  year={1998},
}

@article{Vermaelen1983Tax,
  title={Tax Reform and Ex-Dividend Day Behavior},
  author={Vermaelen, Theo and Lakonishok, Josef},
  journal={Journal of Finance},
  volume={38},
  number={4},
  pages={1157-1179},
  year={1983},
  keywords={Tax reform;Studies;Stock exchanges;Statistical analysis;Securities trading;Investors;Hypotheses;Ex dividend;Effects;Behavior},
  abstract={This paper investigates the effect of a major Canadian tax reform on the ex-dividend day behavior of companies on the Toronto Stock Exchange. The results are inconsistent with the hypothesis that price changes on ex-dividend days reflect the relative taxation of dividends and capital gains for the "representative" investor, but are consistent with the hypothesis that ex-dividend day price behavior reflects short-term trading activities.},
}

@inproceedings{Lintner1956DISTRIBUTION,
  title={DISTRIBUTION OF INCOMES OF CORPORATIONS AMONG DIVIDENDS, RETAINED EARNINGS AND TAXES},
  author={Lintner, J},
  booktitle={American Economic Review},
  year={1956},
  abstract={Your use of the JSTOR archive indicates your acceptance of JSTOR's Terms and Conditions of Use, available at http://www. jstor. org/about/terms. html. JSTOR's Terms and Conditions of Use provides, in part, that unless you have obtained prior permission, you may not},
}

@article{Lintner1964Optimal,
  title={Optimal Dividends and Corporate Growth Under Uncertainty},
  author={Lintner, John},
  journal={Quarterly Journal of Economics},
  volume={78},
  number={1},
  pages={49-95},
  year={1964},
  abstract={Introduction, 49. — I. Some important definitions and building-blocks, 53. — II. The cost of capital and optimal dividends and growth under certainty, 58. — III. Simple stochastic unlevered growth, 65. — IV. Optimal (expectationally) steady growth, capital budgets, dividends and retentions, when σ2pt increases with futurity, 76. — V. Summary of conclusions, 91.},
}

@article{R2012DIVIDEND,
  title={DIVIDEND ANNOUNCEMENTS, SECURITY PERFORMANCE, AND CAPITAL MARKET EFFICIENCY},
  author={R. and Richardson and Pettit},
  journal={Journal of Finance},
  year={2012},
  keywords={height=990px;width=660px;ANNOUNCEMENTS;PERFORMANCE;EFFICIENCY},
}

@article{Hersh1984Explaining,
  title={Explaining investor preference for cash dividends},
  author={Hersh and M. and Shefrin and and and Meir and Statman},
  journal={Journal of Financial Economics},
  year={1984},
  abstract={The well-known tendency of investors to favor cash dividends emerges quite naturally in two new theories of choice behavior [the theory of self-control due to Thaler and Shefrin (1981), and the version of prospect theory set out by Kahneman and Tversky (1979)]. Although our treatment is novel when viewed from the perspective of standard financial theory, it provides explanations for a phenomenon that has long been described as perplexing.},
}

@article{Stein1989Efficient,
  title={Efficient Capital Markets, Inefficient Firms: A Model of Myopic Corporate Behavior*},
  author={Stein, Jeremy C.},
  journal={Quarterly Journal of Economics},
  number={4},
  pages={4},
  year={1989},
  abstract={This paper develops a model of inefficient managerial behavior in the face of a rational stock market In an effort to mislead the market about their firms' worth, managers forsake good investments so as to boost current earnings. In equilibrium the market is efficient and is not fooled: it correctly conjectures that there will be earnings inflation, and adjusts for this in making inferences. Nonetheless, managers, who take the market's conjectures as fixed, continue to behave myopically. The model is useful in assessing evidence that has been presented in che "myopia" debate. It also yields some novel implications regarding firm structure and the limits of intergation.},
}

@article{Copeland1979Liquidity,
  title={Liquidity Changes Following Stock Splits},
  author={Copeland, Thomas E.},
  journal={Journal of Finance},
  volume={34},
  number={1},
  pages={115-141},
  year={1979},
}

@article{Pyung1995Signaling,
  title={Signaling, Investment Opportunities, and Dividend Announcements},
  author={Pyung Sig Yoon and Laura T. Starks},
  journal={Review of Financial Studies},
  volume={8},
  number={4},
  pages={995-1018},
  year={1995},
}

@article{Mozes1995THE,
  title={THE RELATION AMONG DIVIDEND POLICY, FIRM SIZE, AND THE INFORMATION CONTENT OF EARNINGS ANNOUNCEMENTS},
  author={Mozes, Haim and Rapaccioli, Donna},
  journal={Journal of Financial Research},
  volume={18},
  number={1},
  pages={75-88},
  year={1995},
  keywords={DIVIDENDS;EARNINGS per share;CORPORATIONS -- Finance;STOCKS -- Prices;STOCKS;DIVIDEND yield},
  abstract={In this paper we investigate the role of dividends in explaining the size effect. The previous literature concludes that before the firm's earnings announcement, small firm stock prices impound less information than large firm stock prices. This size effect is evidenced by the greater market reaction to small firm earnings announcements than to large firm earnings announcements. We find that if the dividend announcement precedes the earnings announcement, no size effect exists. The implication is that the information conveyed by dividend announcements includes the information conveyed to investors in large firms by other information sources. However, if the firm does not pay dividends or if the firm's earnings announcement precedes its dividend announcement, the size effect exists. The implication is that dividends do not completely explain the size effect. That is, there are information sources other than dividends that are exclusively available to investors in large firms, and the information provided by these sources is reflected in the stock price of large firms before the earnings announcement.},
}

@article{Muscarella1996Stock,
  title={Stock splits: Signaling or liquidity? The case of ADR 'solo-splits'},
  author={Muscarella, Chris J. and Vetsuypens, Michael R.},
  journal={Journal of Financial Economics},
  volume={42},
  number={1},
  pages={3-26},
  year={1996},
  keywords={Stock splits;Liquidity;Signaling;American depositary receipts},
}

@article{Rozeff1982GROWTH,
  title={GROWTH, BETA AND AGENCY COSTS AS DETERMINANTS OF DIVIDEND PAYOUT RATIOS},
  author={Rozeff and Michael, S.},
  journal={Journal of Financial Research},
  volume={5},
  number={3},
  pages={249-259},
  year={1982},
  keywords={dividends;agency costs;dividend payout},
}

@article{Bar1977A,
  title={A Reexamination of Stock Splits Using Moving Betas},
  author={Bar-Yosef, Sasson and Brown, Lawrence D.},
  journal={Journal of Finance},
  volume={32},
  number={4},
  pages={1069-1080},
  year={1977},
  keywords={Stock splits;Risk;Beta},
  abstract={ALTHOUGH IT IS UNLIKELY THAT SECURITIES UNDERGO PERMANENT CHANGES IN THEIR RISK CHARACTERISTICS WHEN THEY SPLIT, THERE MAY EXIST ABNORMALLY LARGE AMOUNTS OF RISK (PERHAPS SYSTEMATIC) PRIOR TO SPLITS SINCE THIS MAY BE A TIME OF HEIGHTENED UNCERTAINTY REGARDING EARNINGS STABILITY AND FUTURE CASH DIVIDEND PROSPECTS. TO TEST THIS HYPOTHESIS, MOVING BETAS WERE CALCULATED FOR SPLIT SHARES. THEY BECAME TEMPORARILY LARGER DURING THE PERIOD SURROUNDING STOCK SPLITS. INVESTORS MAY FIND IT DIFFICULT TO INTERPRET SPLIT ANNOUNCEMENTS WHICH ARE NOT PRECEDED BY RELATIVELY HIGH EARNINGS AND ARE NOT EXPECTED TO BE FOLLOWED SHORTLY BY INCREASED TOTAL CASH DIVIDENDS. ALTHOUGH THE CONSTANT BETA METHOD CONFIRMED THE RESULTS OF FAMA, FISHER, JENSEN, AND ROLL, THE MOVING BETA RESULTS CONFIRMED THE HYPOTHESIS. CUMULATIVE AVERAGE RESIDUALS WERE LOWER USING MOVING BETAS. GRAPHS. EQUATIONS. REFERENCES.},
}

@article{Paul2000Stock,
  title={Stock Splits, Tick Size, and Sponsorship},
  author={Paul Schultz},
  journal={Journal of Finance},
  volume={55},
  number={1},
  pages={429-450},
  year={2000},
}

@article{Sheikh1989Stock,
  title={Stock Splits, Volatility Increases, and Implied Volatilities},
  author={Sheikh, Aamir M},
  journal={Journal of Finance},
  volume={44},
  number={5},
  pages={1361-1372},
  year={1989},
  abstract={A test of the efficiency of the Chicago Board Options Exchange, relative to post-split increases in the volatility of common stocks, is presented. The Black-Scholes and Roll option pricing formulas are used to examine the behavior of implied standard deviations (ISDs) around split announcement and ex-dates. Comparisons with a control group of stocks find no relative increase in ISDs of stocks announcing splits. However, a relative increase is detected at the ex-date. Therefore, the joint hypothesis that 1) the Black-Scholes and Roll formulas are true and 2) the CBOE is efficient can be rejected.},
}

@article{J2014STOCK,
  title={STOCK DIVIDENDS AS SIGNALS},
  author={J. and Randall and Woolridge},
  journal={Journal of Financial Research},
  year={2014},
  keywords={announcements;stock;dividends;stock;dividend;dividends;investors},
  abstract={This study analyzes stock dividends as signals from managers. It is argued that in the presence of information asymmetries between managers and investors, stock dividends provide a relatively inexpensive and unambiguous signalling device. Based on an examination of the daily returns around 317 stock dividend announcements, it is concluded that these announcements are interpreted by investors as signals from managers. Further analysis also indicates that stock dividend size is positively related to announcement day returns.},
}

@article{Woolridge1983Randall,
  title={Randall. a, Ex-date Stock Price Adjustment to Stock Dividends: Journal of Finance 1, .},
  author={Woolridge, J},
  journal={Archives of Internal Medicine},
  volume={157},
  number={157},
  pages={2381-2381},
  year={1983},
  keywords={Humans;Colonic Neoplasms;Lung Neoplasms;Kidney Neoplasms;Neoplasms, Unknown Primary;Joint Diseases;Polymyalgia Rheumatica;Adult;Aged;Aged, 80 and over},
  abstract={Arch Intern Med. 1997 Nov 10;157(20):2381. Comment; Letter},
}

